
<srw:record>
<srw:recordSchema>marcxchange</srw:recordSchema>
<srw:recordPacking>xml</srw:recordPacking>
<srw:recordData>
<mxc:record xmlns:mxc="info:lc/xmlns/marcxchange-v2" format="UNIMARC" id="ark:/12148/cb44196605w" type="Bibliographic">
<mxc:leader>     nkm  22     3  450 </mxc:leader>
<mxc:controlfield tag="001">FRBNF441966050000003</mxc:controlfield>
<mxc:controlfield tag="003">http://catalogue.bnf.fr/ark:/12148/cb44196605w</mxc:controlfield>
<mxc:datafield tag="035" ind1=" " ind2=" ">
<mxc:subfield code="a">Rouen, BM</mxc:subfield>
</mxc:datafield>
<mxc:datafield tag="039" ind1=" " ind2=" ">
<mxc:subfield code="o">DCP</mxc:subfield>
<mxc:subfield code="a">XLS2017B001787P  </mxc:subfield>
</mxc:datafield>
<mxc:datafield tag="100" ind1=" " ind2=" ">
<mxc:subfield code="a">20170928d1920    u  y0frea50      fa</mxc:subfield>
</mxc:datafield>
<mxc:datafield tag="101" ind1="0" ind2=" ">
<mxc:subfield code="a">fre</mxc:subfield>
</mxc:datafield>
<mxc:datafield tag="116" ind1=" " ind2=" ">
<mxc:subfield code="a">c||uzz||||xx||||zz</mxc:subfield>
</mxc:datafield>
<mxc:datafield tag="181" ind1=" " ind2="0">
<mxc:subfield code="6">01</mxc:subfield>
<mxc:subfield code="a">b </mxc:subfield>
<mxc:subfield code="b">xb2e  </mxc:subfield>
</mxc:datafield>
<mxc:datafield tag="181" ind1=" " ind2=" ">
<mxc:subfield code="6">02</mxc:subfield>
<mxc:subfield code="c">sti</mxc:subfield>
<mxc:subfield code="2">rdacontent</mxc:subfield>
</mxc:datafield>
<mxc:datafield tag="182" ind1=" " ind2="0">
<mxc:subfield code="6">01</mxc:subfield>
<mxc:subfield code="a">n</mxc:subfield>
</mxc:datafield>
<mxc:datafield tag="182" ind1=" " ind2=" ">
<mxc:subfield code="6">02</mxc:subfield>
<mxc:subfield code="c">n</mxc:subfield>
<mxc:subfield code="2">rdamedia</mxc:subfield>
</mxc:datafield>
<mxc:datafield tag="200" ind1="1" ind2=" ">
<mxc:subfield code="a">Portrait de Gustave Flaubert à 12 ans. [D'après une peinture anonyme intitulée "Portrait de Gustave Flaubert au ruban"].</mxc:subfield>
</mxc:datafield>
<mxc:datafield tag="210" ind1=" " ind2=" ">
<mxc:subfield code="a">[S.l.]</mxc:subfield>
<mxc:subfield code="c">[s.n.]</mxc:subfield>
<mxc:subfield code="d">1920</mxc:subfield>
</mxc:datafield>
<mxc:datafield tag="215" ind1=" " ind2=" ">
<mxc:subfield code="a">peint.</mxc:subfield>
<mxc:subfield code="c">huile sur toile</mxc:subfield>
<mxc:subfield code="d">550 x 445 mm (im.), 645 x 540 mm (cadre)</mxc:subfield>
</mxc:datafield>
<mxc:datafield tag="300" ind1=" " ind2=" ">
<mxc:subfield code="a">Gustave Flaubert à 12 ans. Portrait exécuté à Rouen en 1833, par une dame artiste peintre amateur amie de la famille Flaubert, dont le nom est actuellement inconnu. Copie exécutée en 1920 par M. Berthon artiste-peintre, à Cannes, d'après l'original appartenant à Madame F. Grout (offert au Musée Flaubert en 1920 par Louis James, membre du C.A.F. [Comité des Amis de Flaubert] ).</mxc:subfield>
</mxc:datafield>
<mxc:datafield tag="300" ind1=" " ind2=" ">
<mxc:subfield code="a">Archives du Pavillon Flaubert - Tableaux</mxc:subfield>
</mxc:datafield>
<mxc:datafield tag="610" ind1="0" ind2=" ">
<mxc:subfield code="a">Flaubert, Gustave (1821-1880) -- Portraits</mxc:subfield>
</mxc:datafield>
<mxc:datafield tag="610" ind1="0" ind2=" ">
<mxc:subfield code="a">Flaubert, Gustave (1821-1880) -- Enfance et jeunesse ;</mxc:subfield>
</mxc:datafield>
<mxc:datafield tag="700" ind1=" " ind2="|">
<mxc:subfield code="3">16897926</mxc:subfield>
<mxc:subfield code="a">Berthon</mxc:subfield>
<mxc:subfield code="b">M.</mxc:subfield>
<mxc:subfield code="4">040</mxc:subfield>
</mxc:datafield>
<mxc:datafield tag="801" ind1=" " ind2="3">
<mxc:subfield code="c">20170928</mxc:subfield>
<mxc:subfield code="b">Rouen, BM</mxc:subfield>
<mxc:subfield code="c">20170928</mxc:subfield>
</mxc:datafield>
<mxc:datafield tag="856" ind1="4" ind2=" ">
<mxc:subfield code="u">http://gallica.bnf.fr/ark:/12148/btv1b10051940m</mxc:subfield>
</mxc:datafield>
<mxc:datafield tag="930" ind1=" " ind2=" ">
<mxc:subfield code="5">FR-759999999:44196605002001</mxc:subfield>
<mxc:subfield code="a">IFN-10051940</mxc:subfield>
<mxc:subfield code="b">759999999</mxc:subfield>
<mxc:subfield code="c">Document numérisé</mxc:subfield>
<mxc:subfield code="d">N</mxc:subfield>
</mxc:datafield>
</mxc:record>      </srw:recordData>
<srw:recordIdentifier>ark:/12148/cb44196605w</srw:recordIdentifier>
<srw:recordPosition>6</srw:recordPosition>
<srw:extraRecordData>
<ixm:attr name="CreationDate">20170928</ixm:attr>
<ixm:attr name="LastModificationDate">20180809</ixm:attr>
<mn:score>11.876423</mn:score>
</srw:extraRecordData>
</srw:record>