
<srw:record>
<srw:recordSchema>marcxchange</srw:recordSchema>
<srw:recordPacking>xml</srw:recordPacking>
<srw:recordData>
<mxc:record xmlns:mxc="info:lc/xmlns/marcxchange-v2" format="UNIMARC" id="ark:/12148/cb36535078t" type="Bibliographic">
<mxc:leader>     cam  22     3n 450 </mxc:leader>
<mxc:controlfield tag="001">FRBNF365350780000004</mxc:controlfield>
<mxc:controlfield tag="003">http://catalogue.bnf.fr/ark:/12148/cb36535078t</mxc:controlfield>
<mxc:datafield tag="039" ind1=" " ind2=" ">
<mxc:subfield code="o">CRI</mxc:subfield>
<mxc:subfield code="a">VB000406770001P</mxc:subfield>
</mxc:datafield>
<mxc:datafield tag="100" ind1=" " ind2=" ">
<mxc:subfield code="a">19990201d1931    m  y0frey50      ba</mxc:subfield>
</mxc:datafield>
<mxc:datafield tag="101" ind1="0" ind2=" ">
<mxc:subfield code="a">fre</mxc:subfield>
</mxc:datafield>
<mxc:datafield tag="102" ind1=" " ind2=" ">
<mxc:subfield code="a">FR</mxc:subfield>
</mxc:datafield>
<mxc:datafield tag="105" ind1=" " ind2=" ">
<mxc:subfield code="a">||||z   000y|</mxc:subfield>
</mxc:datafield>
<mxc:datafield tag="106" ind1=" " ind2=" ">
<mxc:subfield code="a">r</mxc:subfield>
</mxc:datafield>
<mxc:datafield tag="181" ind1=" " ind2="0">
<mxc:subfield code="6">01</mxc:subfield>
<mxc:subfield code="a">i </mxc:subfield>
<mxc:subfield code="b">xxxe  </mxc:subfield>
</mxc:datafield>
<mxc:datafield tag="181" ind1=" " ind2=" ">
<mxc:subfield code="6">02</mxc:subfield>
<mxc:subfield code="c">txt</mxc:subfield>
<mxc:subfield code="2">rdacontent</mxc:subfield>
</mxc:datafield>
<mxc:datafield tag="182" ind1=" " ind2="0">
<mxc:subfield code="6">01</mxc:subfield>
<mxc:subfield code="a">n</mxc:subfield>
</mxc:datafield>
<mxc:datafield tag="182" ind1=" " ind2=" ">
<mxc:subfield code="6">02</mxc:subfield>
<mxc:subfield code="c">n</mxc:subfield>
<mxc:subfield code="2">rdamedia</mxc:subfield>
</mxc:datafield>
<mxc:datafield tag="200" ind1="1" ind2=" ">
<mxc:subfield code="a">Succession de Mme Franklin-Grout-Flaubert. Catalogue des meubles, objets d'art, livres garnissant la Villa Tanit et notamment des meubles et objets ayant appartenu à Gustave Flaubert,... qui seront vendus aux enchères à la Villa Tanit,... Antibes les 28, 29 et 30 avril 1931</mxc:subfield>
<mxc:subfield code="b">Texte imprimé</mxc:subfield>
</mxc:datafield>
<mxc:datafield tag="210" ind1=" " ind2=" ">
<mxc:subfield code="a">Antibes</mxc:subfield>
<mxc:subfield code="c">R. Morot et L. Laffitte</mxc:subfield>
</mxc:datafield>
<mxc:datafield tag="215" ind1=" " ind2=" ">
<mxc:subfield code="a">In-8 °, 41 p.</mxc:subfield>
</mxc:datafield>
<mxc:datafield tag="316" ind1=" " ind2=" ">
<mxc:subfield code="5">FR-751021006:36535078004001</mxc:subfield>
</mxc:datafield>
<mxc:datafield tag="503" ind1="1" ind2=" ">
<mxc:subfield code="a">Vente (Livres)</mxc:subfield>
<mxc:subfield code="j">1931</mxc:subfield>
<mxc:subfield code="d">04-28</mxc:subfield>
<mxc:subfield code="j">1931</mxc:subfield>
<mxc:subfield code="d">04-30</mxc:subfield>
<mxc:subfield code="m">Antibes</mxc:subfield>
</mxc:datafield>
<mxc:datafield tag="503" ind1="1" ind2=" ">
<mxc:subfield code="a">Collection (Livres)</mxc:subfield>
<mxc:subfield code="e">Flaubert</mxc:subfield>
<mxc:subfield code="h">Mme Franklin-Grout</mxc:subfield>
<mxc:subfield code="j">1931</mxc:subfield>
</mxc:datafield>
<mxc:datafield tag="503" ind1="1" ind2=" ">
<mxc:subfield code="a">Collection (Art)</mxc:subfield>
<mxc:subfield code="e">Flaubert</mxc:subfield>
<mxc:subfield code="h">Mme Flanklin-Grout</mxc:subfield>
<mxc:subfield code="j">1931</mxc:subfield>
</mxc:datafield>
<mxc:datafield tag="503" ind1="1" ind2=" ">
<mxc:subfield code="a">Collection (Art)</mxc:subfield>
<mxc:subfield code="e">Flaubert</mxc:subfield>
<mxc:subfield code="f">Gustave</mxc:subfield>
<mxc:subfield code="j">1931</mxc:subfield>
</mxc:datafield>
<mxc:datafield tag="517" ind1="1" ind2=" ">
<mxc:subfield code="a">Catalogue des meubles, objets d'art, livres garnissant la Villa Tanit...</mxc:subfield>
</mxc:datafield>
<mxc:datafield tag="801" ind1=" " ind2="0">
<mxc:subfield code="a">FR</mxc:subfield>
<mxc:subfield code="b">FR-751131015</mxc:subfield>
<mxc:subfield code="c">19990201</mxc:subfield>
<mxc:subfield code="g">AFNOR</mxc:subfield>
<mxc:subfield code="h">FRBNF365350780000004</mxc:subfield>
<mxc:subfield code="2">intermrc</mxc:subfield>
</mxc:datafield>
<mxc:datafield tag="930" ind1=" " ind2=" ">
<mxc:subfield code="5">FR-751131010:36535078001001</mxc:subfield>
<mxc:subfield code="a">DELTA-45783</mxc:subfield>
<mxc:subfield code="b">759999999</mxc:subfield>
<mxc:subfield code="c">Tolbiac - Rez de Jardin - Littérature et art - Magasin</mxc:subfield>
<mxc:subfield code="d">O</mxc:subfield>
</mxc:datafield>
<mxc:datafield tag="930" ind1=" " ind2=" ">
<mxc:subfield code="5">FR-751021006:36535078002001</mxc:subfield>
<mxc:subfield code="a">CV-5144</mxc:subfield>
<mxc:subfield code="b">759999999</mxc:subfield>
<mxc:subfield code="c">Richelieu - Manuscrits - Magasin</mxc:subfield>
<mxc:subfield code="d">N</mxc:subfield>
</mxc:datafield>
<mxc:datafield tag="930" ind1=" " ind2=" ">
<mxc:subfield code="5">FR-751041002:36535078003001</mxc:subfield>
<mxc:subfield code="a">8-NF-67432</mxc:subfield>
<mxc:subfield code="b">759999999</mxc:subfield>
<mxc:subfield code="c">Arsenal - Magasin</mxc:subfield>
<mxc:subfield code="d">N</mxc:subfield>
</mxc:datafield>
<mxc:datafield tag="930" ind1=" " ind2=" ">
<mxc:subfield code="5">FR-751021006:36535078004001</mxc:subfield>
<mxc:subfield code="a">CV-11498</mxc:subfield>
<mxc:subfield code="b">759999999</mxc:subfield>
<mxc:subfield code="c">Richelieu - Manuscrits - Magasin</mxc:subfield>
<mxc:subfield code="d">N</mxc:subfield>
</mxc:datafield>
</mxc:record>      </srw:recordData>
<srw:recordIdentifier>ark:/12148/cb36535078t</srw:recordIdentifier>
<srw:recordPosition>11</srw:recordPosition>
<srw:extraRecordData>
<ixm:attr name="CreationDate">19990201</ixm:attr>
<ixm:attr name="LastModificationDate">20150317</ixm:attr>
<mn:score>11.750005</mn:score>
</srw:extraRecordData>
</srw:record>