
<srw:record>
<srw:recordSchema>marcxchange</srw:recordSchema>
<srw:recordPacking>xml</srw:recordPacking>
<srw:recordData>
<mxc:record xmlns:mxc="info:lc/xmlns/marcxchange-v2" format="UNIMARC" id="ark:/12148/cb440632089" type="Bibliographic">
<mxc:leader>     cam  22     3  450 </mxc:leader>
<mxc:controlfield tag="001">FRBNF44063208000000X</mxc:controlfield>
<mxc:controlfield tag="003">http://catalogue.bnf.fr/ark:/12148/cb440632089</mxc:controlfield>
<mxc:datafield tag="010" ind1=" " ind2=" ">
<mxc:subfield code="b">Br.</mxc:subfield>
</mxc:datafield>
<mxc:datafield tag="100" ind1=" " ind2=" ">
<mxc:subfield code="a">20160302d1931    m  y0frey50      ba</mxc:subfield>
</mxc:datafield>
<mxc:datafield tag="101" ind1="0" ind2=" ">
<mxc:subfield code="a">fre</mxc:subfield>
</mxc:datafield>
<mxc:datafield tag="102" ind1=" " ind2=" ">
<mxc:subfield code="a">FR</mxc:subfield>
</mxc:datafield>
<mxc:datafield tag="105" ind1=" " ind2=" ">
<mxc:subfield code="a">||||z   00|y|</mxc:subfield>
</mxc:datafield>
<mxc:datafield tag="106" ind1=" " ind2=" ">
<mxc:subfield code="a">r</mxc:subfield>
</mxc:datafield>
<mxc:datafield tag="181" ind1=" " ind2="0">
<mxc:subfield code="6">01</mxc:subfield>
<mxc:subfield code="a">i </mxc:subfield>
<mxc:subfield code="b">xxxe  </mxc:subfield>
</mxc:datafield>
<mxc:datafield tag="181" ind1=" " ind2=" ">
<mxc:subfield code="6">02</mxc:subfield>
<mxc:subfield code="c">txt</mxc:subfield>
<mxc:subfield code="2">rdacontent</mxc:subfield>
</mxc:datafield>
<mxc:datafield tag="182" ind1=" " ind2="0">
<mxc:subfield code="6">01</mxc:subfield>
<mxc:subfield code="a">n</mxc:subfield>
</mxc:datafield>
<mxc:datafield tag="182" ind1=" " ind2=" ">
<mxc:subfield code="6">02</mxc:subfield>
<mxc:subfield code="c">n</mxc:subfield>
<mxc:subfield code="2">rdamedia</mxc:subfield>
</mxc:datafield>
<mxc:datafield tag="200" ind1="1" ind2=" ">
<mxc:subfield code="a">Catalogue des manuscrits, projets, notes, études, cahiers de Gustave Flaubert, des livres dédicacés à Gustave Flaubert, des objets d'art et objets personnels lui ayant appartenu, encrier de Gustave Flaubert...</mxc:subfield>
<mxc:subfield code="b">Texte imprimé</mxc:subfield>
<mxc:subfield code="e">vente, ParisHôtel drouot, salle n° 9, les 18 et 19 novembre 1931</mxc:subfield>
<mxc:subfield code="f">par le ministère de Me F. Lair Dubreuil,..., Me Raymond Warin,... assistés de M. René Morot,...</mxc:subfield>
</mxc:datafield>
<mxc:datafield tag="210" ind1=" " ind2=" ">
<mxc:subfield code="a">Paris</mxc:subfield>
<mxc:subfield code="b">38, boulevard Saint-Michel</mxc:subfield>
<mxc:subfield code="c">René Morot</mxc:subfield>
<mxc:subfield code="d">[1931]</mxc:subfield>
</mxc:datafield>
<mxc:datafield tag="215" ind1=" " ind2=" ">
<mxc:subfield code="a">1 vol. (41 p.)</mxc:subfield>
<mxc:subfield code="d">24 cm</mxc:subfield>
</mxc:datafield>
<mxc:datafield tag="300" ind1=" " ind2=" ">
<mxc:subfield code="a">1931 d'après la date de la vente</mxc:subfield>
</mxc:datafield>
<mxc:datafield tag="300" ind1=" " ind2=" ">
<mxc:subfield code="a">en avant-titre : "Succession de Mme Franklin Grout-Flaubert"</mxc:subfield>
</mxc:datafield>
<mxc:datafield tag="503" ind1="1" ind2=" ">
<mxc:subfield code="a">Vente</mxc:subfield>
<mxc:subfield code="b">Manuscrits</mxc:subfield>
<mxc:subfield code="j">1931</mxc:subfield>
<mxc:subfield code="d">11-18</mxc:subfield>
<mxc:subfield code="j">1931</mxc:subfield>
<mxc:subfield code="d">11-19</mxc:subfield>
<mxc:subfield code="m">Paris</mxc:subfield>
</mxc:datafield>
<mxc:datafield tag="503" ind1="1" ind2=" ">
<mxc:subfield code="a">Vente</mxc:subfield>
<mxc:subfield code="b">Autographes</mxc:subfield>
<mxc:subfield code="j">1931</mxc:subfield>
<mxc:subfield code="d">11-18</mxc:subfield>
<mxc:subfield code="j">1931</mxc:subfield>
<mxc:subfield code="d">11-19</mxc:subfield>
<mxc:subfield code="m">Paris</mxc:subfield>
</mxc:datafield>
<mxc:datafield tag="503" ind1="1" ind2=" ">
<mxc:subfield code="a">Vente</mxc:subfield>
<mxc:subfield code="b">Art</mxc:subfield>
<mxc:subfield code="j">1931</mxc:subfield>
<mxc:subfield code="d">11-18</mxc:subfield>
<mxc:subfield code="j">1931</mxc:subfield>
<mxc:subfield code="d">11-19</mxc:subfield>
<mxc:subfield code="m">Paris</mxc:subfield>
</mxc:datafield>
<mxc:datafield tag="503" ind1="1" ind2=" ">
<mxc:subfield code="a">Collection</mxc:subfield>
<mxc:subfield code="b">Manuscrits</mxc:subfield>
<mxc:subfield code="e">Franklin Grout-Flaubert</mxc:subfield>
<mxc:subfield code="f">Caroline</mxc:subfield>
<mxc:subfield code="j">1931</mxc:subfield>
</mxc:datafield>
<mxc:datafield tag="512" ind1="1" ind2=" ">
<mxc:subfield code="a">Manuscrits de Gustave Flaubert. Lettres, autographes et objets provenant de sa succession</mxc:subfield>
</mxc:datafield>
<mxc:datafield tag="517" ind1="1" ind2=" ">
<mxc:subfield code="a">Succession de Mme Franklin Grout-Flaubert</mxc:subfield>
</mxc:datafield>
<mxc:datafield tag="801" ind1=" " ind2="0">
<mxc:subfield code="a">FR</mxc:subfield>
<mxc:subfield code="b">FR-751131015</mxc:subfield>
<mxc:subfield code="c">20160302</mxc:subfield>
<mxc:subfield code="g">AFNOR</mxc:subfield>
<mxc:subfield code="h">FRBNF44063208000000X</mxc:subfield>
<mxc:subfield code="2">intermrc</mxc:subfield>
</mxc:datafield>
<mxc:datafield tag="930" ind1=" " ind2=" ">
<mxc:subfield code="5">FR-751131010:44063208001001</mxc:subfield>
<mxc:subfield code="a">DELTA-45828</mxc:subfield>
<mxc:subfield code="b">759999999</mxc:subfield>
<mxc:subfield code="c">Tolbiac - Rez de Jardin - Littérature et art - Magasin</mxc:subfield>
<mxc:subfield code="d">O</mxc:subfield>
</mxc:datafield>
</mxc:record>      </srw:recordData>
<srw:recordIdentifier>ark:/12148/cb440632089</srw:recordIdentifier>
<srw:recordPosition>12</srw:recordPosition>
<srw:extraRecordData>
<ixm:attr name="CreationDate">20160302</ixm:attr>
<ixm:attr name="LastModificationDate">20170705</ixm:attr>
<mn:score>11.71322</mn:score>
</srw:extraRecordData>
</srw:record>