
<srw:record>
<srw:recordSchema>marcxchange</srw:recordSchema>
<srw:recordPacking>xml</srw:recordPacking>
<srw:recordData>
<mxc:record xmlns:mxc="info:lc/xmlns/marcxchange-v2" format="UNIMARC" id="ark:/12148/cb42608159n" type="Bibliographic">
<mxc:leader>     cam  22     3  450 </mxc:leader>
<mxc:controlfield tag="001">FRBNF426081590000003</mxc:controlfield>
<mxc:controlfield tag="003">http://catalogue.bnf.fr/ark:/12148/cb42608159n</mxc:controlfield>
<mxc:datafield tag="010" ind1=" " ind2=" ">
<mxc:subfield code="a">9780199693788</mxc:subfield>
<mxc:subfield code="b">hbk.</mxc:subfield>
</mxc:datafield>
<mxc:datafield tag="010" ind1=" " ind2=" ">
<mxc:subfield code="a">0199693781</mxc:subfield>
<mxc:subfield code="b">hbk.</mxc:subfield>
</mxc:datafield>
<mxc:datafield tag="035" ind1=" " ind2=" ">
<mxc:subfield code="a">OCoLC767863852</mxc:subfield>
</mxc:datafield>
<mxc:datafield tag="100" ind1=" " ind2=" ">
<mxc:subfield code="a">20130123d2012    m  y0engy50      ba</mxc:subfield>
</mxc:datafield>
<mxc:datafield tag="101" ind1="0" ind2=" ">
<mxc:subfield code="a">eng</mxc:subfield>
</mxc:datafield>
<mxc:datafield tag="102" ind1=" " ind2=" ">
<mxc:subfield code="a">GB</mxc:subfield>
</mxc:datafield>
<mxc:datafield tag="105" ind1=" " ind2=" ">
<mxc:subfield code="a">a   z   00|y|</mxc:subfield>
</mxc:datafield>
<mxc:datafield tag="106" ind1=" " ind2=" ">
<mxc:subfield code="a">z</mxc:subfield>
</mxc:datafield>
<mxc:datafield tag="181" ind1=" " ind2="0">
<mxc:subfield code="6">01</mxc:subfield>
<mxc:subfield code="a">i </mxc:subfield>
<mxc:subfield code="b">xxxe  </mxc:subfield>
<mxc:subfield code="a">b </mxc:subfield>
<mxc:subfield code="b">xb2e  </mxc:subfield>
</mxc:datafield>
<mxc:datafield tag="181" ind1=" " ind2=" ">
<mxc:subfield code="6">02</mxc:subfield>
<mxc:subfield code="c">txt</mxc:subfield>
<mxc:subfield code="c">sti</mxc:subfield>
<mxc:subfield code="2">rdacontent</mxc:subfield>
</mxc:datafield>
<mxc:datafield tag="182" ind1=" " ind2="0">
<mxc:subfield code="6">01</mxc:subfield>
<mxc:subfield code="a">n</mxc:subfield>
</mxc:datafield>
<mxc:datafield tag="182" ind1=" " ind2=" ">
<mxc:subfield code="6">02</mxc:subfield>
<mxc:subfield code="c">n</mxc:subfield>
<mxc:subfield code="2">rdamedia</mxc:subfield>
</mxc:datafield>
<mxc:datafield tag="200" ind1="1" ind2=" ">
<mxc:subfield code="a">"Strandentwining cable"</mxc:subfield>
<mxc:subfield code="b">Texte imprimé</mxc:subfield>
<mxc:subfield code="e">Joyce, Flaubert, and intertextuality</mxc:subfield>
<mxc:subfield code="f">Scarlett Baron</mxc:subfield>
</mxc:datafield>
<mxc:datafield tag="210" ind1=" " ind2=" ">
<mxc:subfield code="a">Oxford</mxc:subfield>
<mxc:subfield code="a">New York</mxc:subfield>
<mxc:subfield code="c">Oxford University Press</mxc:subfield>
<mxc:subfield code="d">2012</mxc:subfield>
</mxc:datafield>
<mxc:datafield tag="215" ind1=" " ind2=" ">
<mxc:subfield code="a">xvii, 311 p.</mxc:subfield>
<mxc:subfield code="c">ill.</mxc:subfield>
<mxc:subfield code="d">22 cm</mxc:subfield>
</mxc:datafield>
<mxc:datafield tag="225" ind1="|" ind2=" ">
<mxc:subfield code="a">Oxford English monographs</mxc:subfield>
</mxc:datafield>
<mxc:datafield tag="300" ind1=" " ind2=" ">
<mxc:subfield code="a">Includes bibliographical references (p. [284]-300) and index</mxc:subfield>
</mxc:datafield>
<mxc:datafield tag="330" ind1=" " ind2=" ">
<mxc:subfield code="a">Baron explores the works of two of the most admired and mythologized masters of 19th- and 20th-century prose: Gustave Flaubert (1822-1880) and James Joyce (1882-1941). She uncovers the lifelong fascination that Joyce harboured for Flaubert and investigates how this heightened interest inflected his own creative practice</mxc:subfield>
</mxc:datafield>
<mxc:datafield tag="410" ind1=" " ind2="0">
<mxc:subfield code="0">34240613</mxc:subfield>
<mxc:subfield code="t">Oxford English monographs</mxc:subfield>
<mxc:subfield code="d">2012</mxc:subfield>
</mxc:datafield>
<mxc:datafield tag="600" ind1=" " ind2="|">
<mxc:subfield code="3">11909158</mxc:subfield>
<mxc:subfield code="a">Joyce</mxc:subfield>
<mxc:subfield code="b">James</mxc:subfield>
<mxc:subfield code="f">1882-1941</mxc:subfield>
<mxc:subfield code="3">12042895</mxc:subfield>
<mxc:subfield code="x">Critique et interprétation</mxc:subfield>
<mxc:subfield code="2">rameau</mxc:subfield>
</mxc:datafield>
<mxc:datafield tag="600" ind1=" " ind2="|">
<mxc:subfield code="3">11902894</mxc:subfield>
<mxc:subfield code="a">Flaubert</mxc:subfield>
<mxc:subfield code="b">Gustave</mxc:subfield>
<mxc:subfield code="f">1821-1880</mxc:subfield>
<mxc:subfield code="3">12042895</mxc:subfield>
<mxc:subfield code="x">Critique et interprétation</mxc:subfield>
<mxc:subfield code="2">rameau</mxc:subfield>
</mxc:datafield>
<mxc:datafield tag="600" ind1=" " ind2="|">
<mxc:subfield code="3">11902894</mxc:subfield>
<mxc:subfield code="a">Flaubert</mxc:subfield>
<mxc:subfield code="b">Gustave</mxc:subfield>
<mxc:subfield code="f">1821-1880</mxc:subfield>
<mxc:subfield code="3">11975790</mxc:subfield>
<mxc:subfield code="x">Influence</mxc:subfield>
<mxc:subfield code="2">rameau</mxc:subfield>
</mxc:datafield>
<mxc:datafield tag="606" ind1=" " ind2=" ">
<mxc:subfield code="3">11960150</mxc:subfield>
<mxc:subfield code="a">Intertextualité</mxc:subfield>
<mxc:subfield code="2">rameau</mxc:subfield>
</mxc:datafield>
<mxc:datafield tag="700" ind1=" " ind2="|">
<mxc:subfield code="3">16657556</mxc:subfield>
<mxc:subfield code="o">ISNI0000000077591962</mxc:subfield>
<mxc:subfield code="a">Baron</mxc:subfield>
<mxc:subfield code="b">Scarlett</mxc:subfield>
<mxc:subfield code="f">1982-....</mxc:subfield>
<mxc:subfield code="4">070</mxc:subfield>
</mxc:datafield>
<mxc:datafield tag="801" ind1=" " ind2="3">
<mxc:subfield code="a">US</mxc:subfield>
<mxc:subfield code="b">OCoLC</mxc:subfield>
<mxc:subfield code="c">20130123</mxc:subfield>
<mxc:subfield code="h">767863852</mxc:subfield>
<mxc:subfield code="2">marc21</mxc:subfield>
</mxc:datafield>
<mxc:datafield tag="801" ind1=" " ind2="0">
<mxc:subfield code="b">NLE</mxc:subfield>
</mxc:datafield>
<mxc:datafield tag="930" ind1=" " ind2=" ">
<mxc:subfield code="5">FR-751131010:42608159001001</mxc:subfield>
<mxc:subfield code="a">2012-58692</mxc:subfield>
<mxc:subfield code="b">759999999</mxc:subfield>
<mxc:subfield code="c">Tolbiac - Rez de Jardin - Littérature et art - Magasin</mxc:subfield>
<mxc:subfield code="d">O</mxc:subfield>
</mxc:datafield>
</mxc:record>      </srw:recordData>
<srw:recordIdentifier>ark:/12148/cb42608159n</srw:recordIdentifier>
<srw:recordPosition>15</srw:recordPosition>
<srw:extraRecordData>
<ixm:attr name="CreationDate">20120222</ixm:attr>
<ixm:attr name="LastModificationDate">20130208</ixm:attr>
<mn:score>11.706816</mn:score>
</srw:extraRecordData>
</srw:record>