
<srw:record>
<srw:recordSchema>marcxchange</srw:recordSchema>
<srw:recordPacking>xml</srw:recordPacking>
<srw:recordData>
<mxc:record xmlns:mxc="info:lc/xmlns/marcxchange-v2" format="UNIMARC" id="ark:/12148/cb46738195v" type="Bibliographic">
<mxc:leader>     cam  22        450 </mxc:leader>
<mxc:controlfield tag="001">FRBNF467381950000000</mxc:controlfield>
<mxc:controlfield tag="003">http://catalogue.bnf.fr/ark:/12148/cb46738195v</mxc:controlfield>
<mxc:datafield tag="010" ind1=" " ind2=" ">
<mxc:subfield code="a">978-2-406-11243-3</mxc:subfield>
<mxc:subfield code="b">br.</mxc:subfield>
<mxc:subfield code="d">38 EUR</mxc:subfield>
</mxc:datafield>
<mxc:datafield tag="020" ind1=" " ind2=" ">
<mxc:subfield code="a">FR</mxc:subfield>
<mxc:subfield code="b">02123235</mxc:subfield>
</mxc:datafield>
<mxc:datafield tag="073" ind1=" " ind2="0">
<mxc:subfield code="a">9782406112433</mxc:subfield>
</mxc:datafield>
<mxc:datafield tag="100" ind1=" " ind2=" ">
<mxc:subfield code="a">20210326d2021    m  y0frey50      ba</mxc:subfield>
</mxc:datafield>
<mxc:datafield tag="101" ind1="0" ind2=" ">
<mxc:subfield code="a">fre</mxc:subfield>
</mxc:datafield>
<mxc:datafield tag="102" ind1=" " ind2=" ">
<mxc:subfield code="a">FR</mxc:subfield>
</mxc:datafield>
<mxc:datafield tag="105" ind1=" " ind2=" ">
<mxc:subfield code="a">||||z   00|y|</mxc:subfield>
</mxc:datafield>
<mxc:datafield tag="106" ind1=" " ind2=" ">
<mxc:subfield code="a">r</mxc:subfield>
</mxc:datafield>
<mxc:datafield tag="181" ind1=" " ind2="0">
<mxc:subfield code="6">01</mxc:subfield>
<mxc:subfield code="a">i </mxc:subfield>
<mxc:subfield code="b">xxxe  </mxc:subfield>
</mxc:datafield>
<mxc:datafield tag="181" ind1=" " ind2=" ">
<mxc:subfield code="6">02</mxc:subfield>
<mxc:subfield code="c">txt</mxc:subfield>
<mxc:subfield code="2">rdacontent</mxc:subfield>
</mxc:datafield>
<mxc:datafield tag="182" ind1=" " ind2="0">
<mxc:subfield code="6">01</mxc:subfield>
<mxc:subfield code="a">n</mxc:subfield>
</mxc:datafield>
<mxc:datafield tag="182" ind1=" " ind2=" ">
<mxc:subfield code="6">02</mxc:subfield>
<mxc:subfield code="c">n</mxc:subfield>
<mxc:subfield code="2">rdamedia</mxc:subfield>
</mxc:datafield>
<mxc:datafield tag="200" ind1="1" ind2=" ">
<mxc:subfield code="a">Gustave Flaubert et le théâtre</mxc:subfield>
<mxc:subfield code="b">Texte imprimé</mxc:subfield>
<mxc:subfield code="f">sous la direction d'Olivier Bara et Gisèle Séginger</mxc:subfield>
</mxc:datafield>
<mxc:datafield tag="214" ind1=" " ind2="0">
<mxc:subfield code="a">Paris</mxc:subfield>
<mxc:subfield code="c">Lettres modernes Minard</mxc:subfield>
<mxc:subfield code="d">2021</mxc:subfield>
</mxc:datafield>
<mxc:datafield tag="214" ind1=" " ind2="3">
<mxc:subfield code="a">14-Condé-en-Normandie</mxc:subfield>
<mxc:subfield code="c">Impr. Corlet numéric</mxc:subfield>
</mxc:datafield>
<mxc:datafield tag="215" ind1=" " ind2=" ">
<mxc:subfield code="a">1 vol. (288 p.)</mxc:subfield>
<mxc:subfield code="d">22 cm</mxc:subfield>
</mxc:datafield>
<mxc:datafield tag="225" ind1="|" ind2=" ">
<mxc:subfield code="a">La revue des lettres modernes</mxc:subfield>
<mxc:subfield code="i">Gustave Flaubert</mxc:subfield>
<mxc:subfield code="v">9</mxc:subfield>
</mxc:datafield>
<mxc:datafield tag="300" ind1=" " ind2=" ">
<mxc:subfield code="a">Résumés en fin de vol.</mxc:subfield>
</mxc:datafield>
<mxc:datafield tag="300" ind1=" " ind2=" ">
<mxc:subfield code="a">Index</mxc:subfield>
</mxc:datafield>
<mxc:datafield tag="312" ind1=" " ind2=" ">
<mxc:subfield code="a">Autre forme de titre : Gustave Flaubert. Gustave Flaubert et le théâtre</mxc:subfield>
</mxc:datafield>
<mxc:datafield tag="410" ind1=" " ind2="0">
<mxc:subfield code="0">47674298</mxc:subfield>
<mxc:subfield code="t">La Revue des lettres modernes. Gustave Flaubert</mxc:subfield>
<mxc:subfield code="x">0761-3571</mxc:subfield>
<mxc:subfield code="v">9</mxc:subfield>
</mxc:datafield>
<mxc:datafield tag="410" ind1=" " ind2="0">
<mxc:subfield code="0">40951980</mxc:subfield>
<mxc:subfield code="t">La Revue des lettres modernes</mxc:subfield>
<mxc:subfield code="x">0035-2136</mxc:subfield>
<mxc:subfield code="d">2021</mxc:subfield>
</mxc:datafield>
<mxc:datafield tag="461" ind1=" " ind2="0">
<mxc:subfield code="0">34309867</mxc:subfield>
<mxc:subfield code="t">Gustave Flaubert</mxc:subfield>
<mxc:subfield code="v">9</mxc:subfield>
</mxc:datafield>
<mxc:datafield tag="517" ind1="1" ind2=" ">
<mxc:subfield code="a">Gustave Flaubert. Gustave Flaubert et le théâtre</mxc:subfield>
</mxc:datafield>
<mxc:datafield tag="600" ind1=" " ind2="|">
<mxc:subfield code="3">11902894</mxc:subfield>
<mxc:subfield code="a">Flaubert</mxc:subfield>
<mxc:subfield code="b">Gustave</mxc:subfield>
<mxc:subfield code="f">1821-1880</mxc:subfield>
<mxc:subfield code="3">11939701</mxc:subfield>
<mxc:subfield code="x">Théâtre (genre littéraire)</mxc:subfield>
<mxc:subfield code="2">rameau</mxc:subfield>
</mxc:datafield>
<mxc:datafield tag="676" ind1=" " ind2=" ">
<mxc:subfield code="a">843.8 (critique)</mxc:subfield>
<mxc:subfield code="v">23</mxc:subfield>
</mxc:datafield>
<mxc:datafield tag="686" ind1=" " ind2=" ">
<mxc:subfield code="a">800</mxc:subfield>
<mxc:subfield code="2">Cadre de classement de la Bibliographie nationale française</mxc:subfield>
</mxc:datafield>
<mxc:datafield tag="702" ind1=" " ind2="|">
<mxc:subfield code="3">13572178</mxc:subfield>
<mxc:subfield code="o">ISNI0000000116520682</mxc:subfield>
<mxc:subfield code="a">Bara</mxc:subfield>
<mxc:subfield code="b">Olivier</mxc:subfield>
<mxc:subfield code="f">1967-....</mxc:subfield>
<mxc:subfield code="4">651</mxc:subfield>
</mxc:datafield>
<mxc:datafield tag="702" ind1=" " ind2="|">
<mxc:subfield code="3">12664659</mxc:subfield>
<mxc:subfield code="o">ISNI0000000108650970</mxc:subfield>
<mxc:subfield code="a">Séginger</mxc:subfield>
<mxc:subfield code="b">Gisèle</mxc:subfield>
<mxc:subfield code="4">651</mxc:subfield>
</mxc:datafield>
<mxc:datafield tag="801" ind1=" " ind2="0">
<mxc:subfield code="a">FR</mxc:subfield>
<mxc:subfield code="b">FR-751131015</mxc:subfield>
<mxc:subfield code="c">20210326</mxc:subfield>
<mxc:subfield code="g">AFNOR</mxc:subfield>
<mxc:subfield code="h">FRBNF467381950000000</mxc:subfield>
<mxc:subfield code="2">intermrc</mxc:subfield>
</mxc:datafield>
<mxc:datafield tag="930" ind1=" " ind2=" ">
<mxc:subfield code="5">FR-751131010:46738195001001</mxc:subfield>
<mxc:subfield code="a">2021-79487</mxc:subfield>
<mxc:subfield code="b">759999999</mxc:subfield>
<mxc:subfield code="c">Tolbiac - Rez de Jardin - Littérature et art - Magasin</mxc:subfield>
<mxc:subfield code="d">O</mxc:subfield>
</mxc:datafield>
<mxc:datafield tag="930" ind1=" " ind2=" ">
<mxc:subfield code="5">FR-751041001:46738195002001</mxc:subfield>
<mxc:subfield code="a">8-W-28807</mxc:subfield>
<mxc:subfield code="b">759999999</mxc:subfield>
<mxc:subfield code="c">Richelieu - Arts du spectacle - Magasin</mxc:subfield>
<mxc:subfield code="d">N</mxc:subfield>
</mxc:datafield>
</mxc:record>      </srw:recordData>
<srw:recordIdentifier>ark:/12148/cb46738195v</srw:recordIdentifier>
<srw:recordPosition>30</srw:recordPosition>
<srw:extraRecordData>
<ixm:attr name="CreationDate">20210326</ixm:attr>
<ixm:attr name="LastModificationDate">20251013</ixm:attr>
<mn:score>11.398393</mn:score>
</srw:extraRecordData>
</srw:record>