
<srw:record>
<srw:recordSchema>marcxchange</srw:recordSchema>
<srw:recordPacking>xml</srw:recordPacking>
<srw:recordData>
<mxc:record xmlns:mxc="info:lc/xmlns/marcxchange-v2" format="UNIMARC" id="ark:/12148/cb376676944" type="Bibliographic">
<mxc:leader>     cam  22        450 </mxc:leader>
<mxc:controlfield tag="001">FRBNF376676940000005</mxc:controlfield>
<mxc:controlfield tag="003">http://catalogue.bnf.fr/ark:/12148/cb376676944</mxc:controlfield>
<mxc:datafield tag="010" ind1=" " ind2=" ">
<mxc:subfield code="a">2-256-90935-2</mxc:subfield>
<mxc:subfield code="b">br.</mxc:subfield>
<mxc:subfield code="d">160 F</mxc:subfield>
</mxc:datafield>
<mxc:datafield tag="039" ind1=" " ind2=" ">
<mxc:subfield code="o">OPL</mxc:subfield>
<mxc:subfield code="a">018041015</mxc:subfield>
</mxc:datafield>
<mxc:datafield tag="100" ind1=" " ind2=" ">
<mxc:subfield code="a">19941025d1994    m  y0frey50      ba</mxc:subfield>
</mxc:datafield>
<mxc:datafield tag="101" ind1="0" ind2=" ">
<mxc:subfield code="a">fre</mxc:subfield>
</mxc:datafield>
<mxc:datafield tag="102" ind1=" " ind2=" ">
<mxc:subfield code="a">FR</mxc:subfield>
</mxc:datafield>
<mxc:datafield tag="105" ind1=" " ind2=" ">
<mxc:subfield code="a">||||z   00|y|</mxc:subfield>
</mxc:datafield>
<mxc:datafield tag="106" ind1=" " ind2=" ">
<mxc:subfield code="a">r</mxc:subfield>
</mxc:datafield>
<mxc:datafield tag="181" ind1=" " ind2="0">
<mxc:subfield code="6">01</mxc:subfield>
<mxc:subfield code="a">i </mxc:subfield>
<mxc:subfield code="b">xxxe  </mxc:subfield>
</mxc:datafield>
<mxc:datafield tag="181" ind1=" " ind2=" ">
<mxc:subfield code="6">02</mxc:subfield>
<mxc:subfield code="c">txt</mxc:subfield>
<mxc:subfield code="2">rdacontent</mxc:subfield>
</mxc:datafield>
<mxc:datafield tag="182" ind1=" " ind2="0">
<mxc:subfield code="6">01</mxc:subfield>
<mxc:subfield code="a">n</mxc:subfield>
</mxc:datafield>
<mxc:datafield tag="182" ind1=" " ind2=" ">
<mxc:subfield code="6">02</mxc:subfield>
<mxc:subfield code="c">n</mxc:subfield>
<mxc:subfield code="2">rdamedia</mxc:subfield>
</mxc:datafield>
<mxc:datafield tag="200" ind1="1" ind2=" ">
<mxc:subfield code="a">Gustave Flaubert</mxc:subfield>
<mxc:subfield code="h">4</mxc:subfield>
<mxc:subfield code="i">Intersections</mxc:subfield>
<mxc:subfield code="b">Texte imprimé</mxc:subfield>
<mxc:subfield code="f">textes réunis par Raymonde Debray Genette... [et al.]</mxc:subfield>
</mxc:datafield>
<mxc:datafield tag="210" ind1=" " ind2=" ">
<mxc:subfield code="a">Paris</mxc:subfield>
<mxc:subfield code="c">Lettres modernes Minard</mxc:subfield>
<mxc:subfield code="d">1994</mxc:subfield>
<mxc:subfield code="e">14-Fleury-sur-Orne</mxc:subfield>
<mxc:subfield code="g">Impr. Minard</mxc:subfield>
</mxc:datafield>
<mxc:datafield tag="215" ind1=" " ind2=" ">
<mxc:subfield code="a">1 vol. (203 p.)</mxc:subfield>
<mxc:subfield code="d">19 cm</mxc:subfield>
</mxc:datafield>
<mxc:datafield tag="225" ind1="1" ind2="9">
<mxc:subfield code="a">Gustave Flaubert</mxc:subfield>
<mxc:subfield code="v">4</mxc:subfield>
</mxc:datafield>
<mxc:datafield tag="225" ind1="|" ind2=" ">
<mxc:subfield code="a">La revue des lettres modernes</mxc:subfield>
<mxc:subfield code="i">Gustave Flaubert</mxc:subfield>
<mxc:subfield code="v">4</mxc:subfield>
</mxc:datafield>
<mxc:datafield tag="308" ind1=" " ind2=" ">
<mxc:subfield code="a">1165-1172</mxc:subfield>
</mxc:datafield>
<mxc:datafield tag="312" ind1=" " ind2=" ">
<mxc:subfield code="a">Autre forme de titre : Intersections</mxc:subfield>
</mxc:datafield>
<mxc:datafield tag="410" ind1=" " ind2="0">
<mxc:subfield code="0">47674298</mxc:subfield>
<mxc:subfield code="t">La Revue des lettres modernes. Gustave Flaubert</mxc:subfield>
<mxc:subfield code="x">0761-3571</mxc:subfield>
<mxc:subfield code="v">4</mxc:subfield>
</mxc:datafield>
<mxc:datafield tag="410" ind1=" " ind2="0">
<mxc:subfield code="0">40951980</mxc:subfield>
<mxc:subfield code="t">La Revue des lettres modernes</mxc:subfield>
<mxc:subfield code="x">0035-2136</mxc:subfield>
<mxc:subfield code="v">1165-1172</mxc:subfield>
</mxc:datafield>
<mxc:datafield tag="461" ind1=" " ind2="0">
<mxc:subfield code="0">34309867</mxc:subfield>
<mxc:subfield code="t">Gustave Flaubert</mxc:subfield>
<mxc:subfield code="v">4</mxc:subfield>
</mxc:datafield>
<mxc:datafield tag="517" ind1="1" ind2=" ">
<mxc:subfield code="a">Intersections</mxc:subfield>
</mxc:datafield>
<mxc:datafield tag="600" ind1=" " ind2="|">
<mxc:subfield code="3">11902894</mxc:subfield>
<mxc:subfield code="a">Flaubert</mxc:subfield>
<mxc:subfield code="b">Gustave</mxc:subfield>
<mxc:subfield code="f">1821-1880</mxc:subfield>
<mxc:subfield code="3">12042895</mxc:subfield>
<mxc:subfield code="x">Critique et interprétation</mxc:subfield>
<mxc:subfield code="2">rameau</mxc:subfield>
</mxc:datafield>
<mxc:datafield tag="676" ind1=" " ind2=" ">
<mxc:subfield code="a">843.8 (critique)</mxc:subfield>
<mxc:subfield code="v">23</mxc:subfield>
</mxc:datafield>
<mxc:datafield tag="801" ind1=" " ind2="0">
<mxc:subfield code="a">FR</mxc:subfield>
<mxc:subfield code="b">FR-751131015</mxc:subfield>
<mxc:subfield code="c">19941025</mxc:subfield>
<mxc:subfield code="g">AFNOR</mxc:subfield>
<mxc:subfield code="h">FRBNF376676940000005</mxc:subfield>
<mxc:subfield code="2">intermrc</mxc:subfield>
</mxc:datafield>
<mxc:datafield tag="930" ind1=" " ind2=" ">
<mxc:subfield code="5">FR-751131010:37667694001001</mxc:subfield>
<mxc:subfield code="a">8-Z-32735 (1994)</mxc:subfield>
<mxc:subfield code="b">759999999</mxc:subfield>
<mxc:subfield code="c">Tolbiac - Rez de Jardin - Littérature et art - Magasin</mxc:subfield>
<mxc:subfield code="d">O</mxc:subfield>
</mxc:datafield>
<mxc:datafield tag="930" ind1=" " ind2=" ">
<mxc:subfield code="5">FR-751131010:37667694002001</mxc:subfield>
<mxc:subfield code="a">84/34 FLAU 5 RE 4</mxc:subfield>
<mxc:subfield code="b">759999999</mxc:subfield>
<mxc:subfield code="c">Tolbiac - Rez de Jardin - Littérature et art - Salle V - Libre accès</mxc:subfield>
<mxc:subfield code="d">N</mxc:subfield>
<mxc:subfield code="v">4</mxc:subfield>
</mxc:datafield>
<mxc:datafield tag="930" ind1=" " ind2=" ">
<mxc:subfield code="5">FR-751131010:37667694003001</mxc:subfield>
<mxc:subfield code="a">84/34 FLAU 5 RE 4</mxc:subfield>
<mxc:subfield code="b">759999999</mxc:subfield>
<mxc:subfield code="c">Tolbiac - Haut de Jardin - Littérature et art - Salle H - Libre accès</mxc:subfield>
<mxc:subfield code="d">N</mxc:subfield>
<mxc:subfield code="v">4</mxc:subfield>
</mxc:datafield>
<mxc:datafield tag="930" ind1=" " ind2=" ">
<mxc:subfield code="5">FR-751041002:37667694004001</mxc:subfield>
<mxc:subfield code="a">8-JO-23157 (1165-1172)</mxc:subfield>
<mxc:subfield code="b">759999999</mxc:subfield>
<mxc:subfield code="c">Arsenal - Magasin</mxc:subfield>
<mxc:subfield code="d">N</mxc:subfield>
</mxc:datafield>
</mxc:record>      </srw:recordData>
<srw:recordIdentifier>ark:/12148/cb376676944</srw:recordIdentifier>
<srw:recordPosition>39</srw:recordPosition>
<srw:extraRecordData>
<ixm:attr name="CreationDate">19941025</ixm:attr>
<ixm:attr name="LastModificationDate">20250623</ixm:attr>
<mn:score>11.306166</mn:score>
</srw:extraRecordData>
</srw:record>