
<srw:record>
<srw:recordSchema>marcxchange</srw:recordSchema>
<srw:recordPacking>xml</srw:recordPacking>
<srw:recordData>
<mxc:record xmlns:mxc="info:lc/xmlns/marcxchange-v2" format="UNIMARC" id="ark:/12148/cb44196593q" type="Bibliographic">
<mxc:leader>     nkm  22     3  450 </mxc:leader>
<mxc:controlfield tag="001">FRBNF441965930000000</mxc:controlfield>
<mxc:controlfield tag="003">http://catalogue.bnf.fr/ark:/12148/cb44196593q</mxc:controlfield>
<mxc:datafield tag="035" ind1=" " ind2=" ">
<mxc:subfield code="a">Rouen, BM</mxc:subfield>
</mxc:datafield>
<mxc:datafield tag="039" ind1=" " ind2=" ">
<mxc:subfield code="o">DCP</mxc:subfield>
<mxc:subfield code="a">XLS2017B001775P  </mxc:subfield>
</mxc:datafield>
<mxc:datafield tag="100" ind1=" " ind2=" ">
<mxc:subfield code="a">20170928d        u  y0frea50      fa</mxc:subfield>
</mxc:datafield>
<mxc:datafield tag="101" ind1="0" ind2=" ">
<mxc:subfield code="a">fre</mxc:subfield>
</mxc:datafield>
<mxc:datafield tag="116" ind1=" " ind2=" ">
<mxc:subfield code="a">|||uxx||||xx||||zz</mxc:subfield>
</mxc:datafield>
<mxc:datafield tag="181" ind1=" " ind2="0">
<mxc:subfield code="6">01</mxc:subfield>
<mxc:subfield code="a">b </mxc:subfield>
<mxc:subfield code="b">xb2e  </mxc:subfield>
</mxc:datafield>
<mxc:datafield tag="181" ind1=" " ind2=" ">
<mxc:subfield code="6">02</mxc:subfield>
<mxc:subfield code="c">sti</mxc:subfield>
<mxc:subfield code="2">rdacontent</mxc:subfield>
</mxc:datafield>
<mxc:datafield tag="182" ind1=" " ind2="0">
<mxc:subfield code="6">01</mxc:subfield>
<mxc:subfield code="a">n</mxc:subfield>
</mxc:datafield>
<mxc:datafield tag="182" ind1=" " ind2=" ">
<mxc:subfield code="6">02</mxc:subfield>
<mxc:subfield code="c">n</mxc:subfield>
<mxc:subfield code="2">rdamedia</mxc:subfield>
</mxc:datafield>
<mxc:datafield tag="200" ind1="1" ind2=" ">
<mxc:subfield code="a">Portrait de Jean-Baptiste Auguste Clésinger</mxc:subfield>
</mxc:datafield>
<mxc:datafield tag="210" ind1=" " ind2=" ">
<mxc:subfield code="a">Paris</mxc:subfield>
<mxc:subfield code="c">[s.n.]</mxc:subfield>
<mxc:subfield code="d">[S.d.]</mxc:subfield>
</mxc:datafield>
<mxc:datafield tag="215" ind1=" " ind2=" ">
<mxc:subfield code="a">photogr. pos.</mxc:subfield>
<mxc:subfield code="c">sur papier albuminé (carte de visite)</mxc:subfield>
<mxc:subfield code="d">97 x 137 mm.</mxc:subfield>
</mxc:datafield>
<mxc:datafield tag="300" ind1=" " ind2=" ">
<mxc:subfield code="a">Don de Léon de Gourmont à G. A. Le Roy, le 29 décembre 1921.</mxc:subfield>
</mxc:datafield>
<mxc:datafield tag="300" ind1=" " ind2=" ">
<mxc:subfield code="a">Archives du Pavillon Flaubert - Photographies</mxc:subfield>
</mxc:datafield>
<mxc:datafield tag="610" ind1="0" ind2=" ">
<mxc:subfield code="a">Clésinger, Jean-Baptiste Auguste (1817-1883) -- Portraits</mxc:subfield>
</mxc:datafield>
<mxc:datafield tag="700" ind1=" " ind2="|">
<mxc:subfield code="3">16181918</mxc:subfield>
<mxc:subfield code="o">ISNI0000000077214868</mxc:subfield>
<mxc:subfield code="a">Cousin</mxc:subfield>
<mxc:subfield code="b">Gustave</mxc:subfield>
<mxc:subfield code="c">photographe</mxc:subfield>
<mxc:subfield code="4">600</mxc:subfield>
</mxc:datafield>
<mxc:datafield tag="801" ind1=" " ind2="3">
<mxc:subfield code="c">20170928</mxc:subfield>
<mxc:subfield code="b">Rouen, BM</mxc:subfield>
<mxc:subfield code="c">20170928</mxc:subfield>
</mxc:datafield>
<mxc:datafield tag="856" ind1="4" ind2=" ">
<mxc:subfield code="u">http://gallica.bnf.fr/ark:/12148/btv1b100504032</mxc:subfield>
</mxc:datafield>
<mxc:datafield tag="930" ind1=" " ind2=" ">
<mxc:subfield code="5">FR-759999999:44196593002001</mxc:subfield>
<mxc:subfield code="a">IFN-10050403</mxc:subfield>
<mxc:subfield code="b">759999999</mxc:subfield>
<mxc:subfield code="c">Document numérisé</mxc:subfield>
<mxc:subfield code="d">N</mxc:subfield>
</mxc:datafield>
</mxc:record>      </srw:recordData>
<srw:recordIdentifier>ark:/12148/cb44196593q</srw:recordIdentifier>
<srw:recordPosition>40</srw:recordPosition>
<srw:extraRecordData>
<ixm:attr name="CreationDate">20170928</ixm:attr>
<ixm:attr name="LastModificationDate">20180809</ixm:attr>
<mn:score>11.275529</mn:score>
</srw:extraRecordData>
</srw:record>
<srw:record>
<srw:recordSchema>marcxchange</srw:recordSchema>
<srw:recordPacking>xml</srw:recordPacking>
<srw:recordData>  <srw:diagnostics>    <sd:diagnostic xmlns:sd="http://www.loc.gov/zing/srw/diagnostic/">      <sd:uri>info:srw/diagnostic/1/131</sd:uri>      <sd:details>-20;</sd:details>      <sd:message>erreur de traitement</sd:message>    </sd:diagnostic>  </srw:diagnostics>      </srw:recordData>
<srw:recordIdentifier>ark:/12148/cb441972903</srw:recordIdentifier>
<srw:recordPosition>41</srw:recordPosition>
<srw:extraRecordData>
<ixm:attr name="CreationDate">20170928</ixm:attr>
<ixm:attr name="LastModificationDate">20181022</ixm:attr>
<mn:score>11.262576</mn:score>
</srw:extraRecordData>
</srw:record>