
<srw:record>
<srw:recordSchema>marcxchange</srw:recordSchema>
<srw:recordPacking>xml</srw:recordPacking>
<srw:recordData>
<mxc:record xmlns:mxc="info:lc/xmlns/marcxchange-v2" format="UNIMARC" id="ark:/12148/cb427008005" type="Bibliographic">
<mxc:leader>     cam  22     3  450 </mxc:leader>
<mxc:controlfield tag="001">FRBNF427008000000000</mxc:controlfield>
<mxc:controlfield tag="003">http://catalogue.bnf.fr/ark:/12148/cb427008005</mxc:controlfield>
<mxc:datafield tag="010" ind1=" " ind2=" ">
<mxc:subfield code="a">9783941360150</mxc:subfield>
</mxc:datafield>
<mxc:datafield tag="010" ind1=" " ind2=" ">
<mxc:subfield code="a">3941360159</mxc:subfield>
</mxc:datafield>
<mxc:datafield tag="035" ind1=" " ind2=" ">
<mxc:subfield code="a">OCoLC773214775</mxc:subfield>
</mxc:datafield>
<mxc:datafield tag="100" ind1=" " ind2=" ">
<mxc:subfield code="a">20130212d2011    m  y0frey50      ba</mxc:subfield>
</mxc:datafield>
<mxc:datafield tag="101" ind1="0" ind2=" ">
<mxc:subfield code="a">eng</mxc:subfield>
</mxc:datafield>
<mxc:datafield tag="102" ind1=" " ind2=" ">
<mxc:subfield code="a">DE</mxc:subfield>
</mxc:datafield>
<mxc:datafield tag="105" ind1=" " ind2=" ">
<mxc:subfield code="a">y   z   00|y|</mxc:subfield>
</mxc:datafield>
<mxc:datafield tag="106" ind1=" " ind2=" ">
<mxc:subfield code="a">z</mxc:subfield>
</mxc:datafield>
<mxc:datafield tag="181" ind1=" " ind2="0">
<mxc:subfield code="6">01</mxc:subfield>
<mxc:subfield code="a">i </mxc:subfield>
<mxc:subfield code="b">xxxe  </mxc:subfield>
</mxc:datafield>
<mxc:datafield tag="181" ind1=" " ind2=" ">
<mxc:subfield code="6">02</mxc:subfield>
<mxc:subfield code="c">txt</mxc:subfield>
<mxc:subfield code="2">rdacontent</mxc:subfield>
</mxc:datafield>
<mxc:datafield tag="182" ind1=" " ind2="0">
<mxc:subfield code="6">01</mxc:subfield>
<mxc:subfield code="a">n</mxc:subfield>
</mxc:datafield>
<mxc:datafield tag="182" ind1=" " ind2=" ">
<mxc:subfield code="6">02</mxc:subfield>
<mxc:subfield code="c">n</mxc:subfield>
<mxc:subfield code="2">rdamedia</mxc:subfield>
</mxc:datafield>
<mxc:datafield tag="200" ind1="1" ind2=" ">
<mxc:subfield code="a">Why Flaubert?</mxc:subfield>
<mxc:subfield code="b">Texte imprimé</mxc:subfield>
<mxc:subfield code="f">Jonathan Culler</mxc:subfield>
<mxc:subfield code="e">[suivi de] Love, gods, wars</mxc:subfield>
<mxc:subfield code="e">a modern epic prose</mxc:subfield>
<mxc:subfield code="f">Jacques Neefs</mxc:subfield>
</mxc:datafield>
<mxc:datafield tag="210" ind1=" " ind2=" ">
<mxc:subfield code="a">Berlin</mxc:subfield>
<mxc:subfield code="c">August</mxc:subfield>
<mxc:subfield code="d">cop. 2011</mxc:subfield>
</mxc:datafield>
<mxc:datafield tag="215" ind1=" " ind2=" ">
<mxc:subfield code="a">78 p.</mxc:subfield>
<mxc:subfield code="d">16 cm</mxc:subfield>
</mxc:datafield>
<mxc:datafield tag="225" ind1="|" ind2=" ">
<mxc:subfield code="a">Flaubert lectures</mxc:subfield>
<mxc:subfield code="v">2</mxc:subfield>
</mxc:datafield>
<mxc:datafield tag="225" ind1="|" ind2=" ">
<mxc:subfield code="a">Kleine Edition</mxc:subfield>
<mxc:subfield code="v">5</mxc:subfield>
</mxc:datafield>
<mxc:datafield tag="300" ind1=" " ind2=" ">
<mxc:subfield code="a">Includes bibliographical references</mxc:subfield>
</mxc:datafield>
<mxc:datafield tag="312" ind1=" " ind2=" ">
<mxc:subfield code="a">Autre forme de titre : Love, gods, wars : a modern epic prose</mxc:subfield>
</mxc:datafield>
<mxc:datafield tag="410" ind1=" " ind2="0">
<mxc:subfield code="0">43531656</mxc:subfield>
<mxc:subfield code="t">Flaubert lectures (Berlin)</mxc:subfield>
<mxc:subfield code="v">2</mxc:subfield>
</mxc:datafield>
<mxc:datafield tag="410" ind1=" " ind2="0">
<mxc:subfield code="0">42356955</mxc:subfield>
<mxc:subfield code="t">Kleine Edition (Berlin)</mxc:subfield>
<mxc:subfield code="v">5</mxc:subfield>
</mxc:datafield>
<mxc:datafield tag="517" ind1="1" ind2=" ">
<mxc:subfield code="a">Love, gods, wars</mxc:subfield>
</mxc:datafield>
<mxc:datafield tag="517" ind1="1" ind2=" ">
<mxc:subfield code="a">Love, gods, wars</mxc:subfield>
<mxc:subfield code="e">a modern epic prose</mxc:subfield>
</mxc:datafield>
<mxc:datafield tag="600" ind1=" " ind2="|">
<mxc:subfield code="3">11902894</mxc:subfield>
<mxc:subfield code="a">Flaubert</mxc:subfield>
<mxc:subfield code="b">Gustave</mxc:subfield>
<mxc:subfield code="f">1821-1880</mxc:subfield>
<mxc:subfield code="3">12042895</mxc:subfield>
<mxc:subfield code="x">Critique et interprétation</mxc:subfield>
<mxc:subfield code="2">rameau</mxc:subfield>
</mxc:datafield>
<mxc:datafield tag="604" ind1=" " ind2=" ">
<mxc:subfield code="3">12258451</mxc:subfield>
<mxc:subfield code="a">Flaubert</mxc:subfield>
<mxc:subfield code="b">Gustave</mxc:subfield>
<mxc:subfield code="f">1821-1880</mxc:subfield>
<mxc:subfield code="t">Salammbô</mxc:subfield>
<mxc:subfield code="2">rameau</mxc:subfield>
</mxc:datafield>
<mxc:datafield tag="700" ind1=" " ind2="|">
<mxc:subfield code="3">12029079</mxc:subfield>
<mxc:subfield code="o">ISNI0000000121424150</mxc:subfield>
<mxc:subfield code="a">Culler</mxc:subfield>
<mxc:subfield code="b">Jonathan D.</mxc:subfield>
<mxc:subfield code="f">1944-....</mxc:subfield>
<mxc:subfield code="4">070</mxc:subfield>
</mxc:datafield>
<mxc:datafield tag="701" ind1=" " ind2="|">
<mxc:subfield code="3">11917502</mxc:subfield>
<mxc:subfield code="o">ISNI0000000108792696</mxc:subfield>
<mxc:subfield code="a">Neefs</mxc:subfield>
<mxc:subfield code="b">Jacques</mxc:subfield>
<mxc:subfield code="4">070</mxc:subfield>
</mxc:datafield>
<mxc:datafield tag="801" ind1=" " ind2="3">
<mxc:subfield code="a">US</mxc:subfield>
<mxc:subfield code="b">OCoLC</mxc:subfield>
<mxc:subfield code="c">20130212</mxc:subfield>
<mxc:subfield code="h">773214775</mxc:subfield>
<mxc:subfield code="2">marc21</mxc:subfield>
</mxc:datafield>
<mxc:datafield tag="801" ind1=" " ind2="0">
<mxc:subfield code="b">CUS</mxc:subfield>
</mxc:datafield>
<mxc:datafield tag="930" ind1=" " ind2=" ">
<mxc:subfield code="5">FR-751041002:42700800001001</mxc:subfield>
<mxc:subfield code="a">16-Z PIECE-481</mxc:subfield>
<mxc:subfield code="b">759999999</mxc:subfield>
<mxc:subfield code="c">Arsenal - Magasin</mxc:subfield>
<mxc:subfield code="d">N</mxc:subfield>
</mxc:datafield>
</mxc:record>      </srw:recordData>
<srw:recordIdentifier>ark:/12148/cb427008005</srw:recordIdentifier>
<srw:recordPosition>43</srw:recordPosition>
<srw:extraRecordData>
<ixm:attr name="CreationDate">20120702</ixm:attr>
<ixm:attr name="LastModificationDate">20130212</ixm:attr>
<mn:score>11.23795</mn:score>
</srw:extraRecordData>
</srw:record>
<srw:record>
<srw:recordSchema>marcxchange</srw:recordSchema>
<srw:recordPacking>xml</srw:recordPacking>
<srw:recordData>  <srw:diagnostics>    <sd:diagnostic xmlns:sd="http://www.loc.gov/zing/srw/diagnostic/">      <sd:uri>info:srw/diagnostic/1/131</sd:uri>      <sd:details>-20;</sd:details>      <sd:message>erreur de traitement</sd:message>    </sd:diagnostic>  </srw:diagnostics>      </srw:recordData>
<srw:recordIdentifier>ark:/12148/cb44197292s</srw:recordIdentifier>
<srw:recordPosition>44</srw:recordPosition>
<srw:extraRecordData>
<ixm:attr name="CreationDate">20170928</ixm:attr>
<ixm:attr name="LastModificationDate">20181113</ixm:attr>
<mn:score>11.23752</mn:score>
</srw:extraRecordData>
</srw:record>