
<srw:record>
<srw:recordSchema>marcxchange</srw:recordSchema>
<srw:recordPacking>xml</srw:recordPacking>
<srw:recordData>
<mxc:record xmlns:mxc="info:lc/xmlns/marcxchange-v2" format="UNIMARC" id="ark:/12148/cb44196602v" type="Bibliographic">
<mxc:leader>     nkm  22     3  450 </mxc:leader>
<mxc:controlfield tag="001">FRBNF441966020000001</mxc:controlfield>
<mxc:controlfield tag="003">http://catalogue.bnf.fr/ark:/12148/cb44196602v</mxc:controlfield>
<mxc:datafield tag="035" ind1=" " ind2=" ">
<mxc:subfield code="a">Rouen, BM</mxc:subfield>
</mxc:datafield>
<mxc:datafield tag="039" ind1=" " ind2=" ">
<mxc:subfield code="o">DCP</mxc:subfield>
<mxc:subfield code="a">XLS2017B001784P  </mxc:subfield>
</mxc:datafield>
<mxc:datafield tag="100" ind1=" " ind2=" ">
<mxc:subfield code="a">20170928d        u  y0frea50      fa</mxc:subfield>
</mxc:datafield>
<mxc:datafield tag="101" ind1="0" ind2=" ">
<mxc:subfield code="a">fre</mxc:subfield>
</mxc:datafield>
<mxc:datafield tag="116" ind1=" " ind2=" ">
<mxc:subfield code="a">|||uxx||||xx||||zz</mxc:subfield>
</mxc:datafield>
<mxc:datafield tag="181" ind1=" " ind2="0">
<mxc:subfield code="6">01</mxc:subfield>
<mxc:subfield code="a">b </mxc:subfield>
<mxc:subfield code="b">xb2e  </mxc:subfield>
</mxc:datafield>
<mxc:datafield tag="181" ind1=" " ind2=" ">
<mxc:subfield code="6">02</mxc:subfield>
<mxc:subfield code="c">sti</mxc:subfield>
<mxc:subfield code="2">rdacontent</mxc:subfield>
</mxc:datafield>
<mxc:datafield tag="182" ind1=" " ind2="0">
<mxc:subfield code="6">01</mxc:subfield>
<mxc:subfield code="a">n</mxc:subfield>
</mxc:datafield>
<mxc:datafield tag="182" ind1=" " ind2=" ">
<mxc:subfield code="6">02</mxc:subfield>
<mxc:subfield code="c">n</mxc:subfield>
<mxc:subfield code="2">rdamedia</mxc:subfield>
</mxc:datafield>
<mxc:datafield tag="200" ind1="1" ind2=" ">
<mxc:subfield code="a">Statue de Flaubert par Bernstamm rue Thiers, scène de commémoration</mxc:subfield>
</mxc:datafield>
<mxc:datafield tag="210" ind1=" " ind2=" ">
<mxc:subfield code="a">[S.l.]</mxc:subfield>
<mxc:subfield code="c">[s.n.]</mxc:subfield>
<mxc:subfield code="d">[S.d.]</mxc:subfield>
</mxc:datafield>
<mxc:datafield tag="215" ind1=" " ind2=" ">
<mxc:subfield code="a">photogr. pos.</mxc:subfield>
<mxc:subfield code="c">n. et b. , épreuve sur papier carte postale</mxc:subfield>
<mxc:subfield code="d">140 x 90 mm.</mxc:subfield>
</mxc:datafield>
<mxc:datafield tag="300" ind1=" " ind2=" ">
<mxc:subfield code="a">Archives du Pavillon Flaubert - Photographies</mxc:subfield>
</mxc:datafield>
<mxc:datafield tag="610" ind1="0" ind2=" ">
<mxc:subfield code="a">Flaubert, Gustave (1821-1880) -- Statues</mxc:subfield>
</mxc:datafield>
<mxc:datafield tag="610" ind1="0" ind2=" ">
<mxc:subfield code="a">Flaubert, Gustave (1821-1880) -- Anniversaires</mxc:subfield>
</mxc:datafield>
<mxc:datafield tag="610" ind1="0" ind2=" ">
<mxc:subfield code="a">Rouen (Seine-Maritime) -- Église Saint-Laurent</mxc:subfield>
</mxc:datafield>
<mxc:datafield tag="700" ind1=" " ind2="|">
<mxc:subfield code="3">16898043</mxc:subfield>
<mxc:subfield code="a">Le Roy</mxc:subfield>
<mxc:subfield code="b">Georges Auguste</mxc:subfield>
<mxc:subfield code="4">440</mxc:subfield>
</mxc:datafield>
<mxc:datafield tag="801" ind1=" " ind2="3">
<mxc:subfield code="c">20170928</mxc:subfield>
<mxc:subfield code="b">Rouen, BM</mxc:subfield>
<mxc:subfield code="c">20170928</mxc:subfield>
</mxc:datafield>
<mxc:datafield tag="856" ind1="4" ind2=" ">
<mxc:subfield code="u">http://gallica.bnf.fr/ark:/12148/btv1b10050409r</mxc:subfield>
</mxc:datafield>
<mxc:datafield tag="930" ind1=" " ind2=" ">
<mxc:subfield code="5">FR-759999999:44196602002001</mxc:subfield>
<mxc:subfield code="a">IFN-10050409</mxc:subfield>
<mxc:subfield code="b">759999999</mxc:subfield>
<mxc:subfield code="c">Document numérisé</mxc:subfield>
<mxc:subfield code="d">N</mxc:subfield>
</mxc:datafield>
</mxc:record>      </srw:recordData>
<srw:recordIdentifier>ark:/12148/cb44196602v</srw:recordIdentifier>
<srw:recordPosition>45</srw:recordPosition>
<srw:extraRecordData>
<ixm:attr name="CreationDate">20170928</ixm:attr>
<ixm:attr name="LastModificationDate">20180809</ixm:attr>
<mn:score>11.23752</mn:score>
</srw:extraRecordData>
</srw:record>