
<srw:record>
<srw:recordSchema>marcxchange</srw:recordSchema>
<srw:recordPacking>xml</srw:recordPacking>
<srw:recordData>
<mxc:record xmlns:mxc="info:lc/xmlns/marcxchange-v2" format="UNIMARC" id="ark:/12148/cb47336422f" type="Bibliographic">
<mxc:leader>     cai  22      i 450 </mxc:leader>
<mxc:controlfield tag="001">FRBNF473364220000002</mxc:controlfield>
<mxc:controlfield tag="003">http://catalogue.bnf.fr/ark:/12148/cb47336422f</mxc:controlfield>
<mxc:datafield tag="011" ind1="0" ind2=" ">
<mxc:subfield code="a">2402-6514</mxc:subfield>
</mxc:datafield>
<mxc:datafield tag="100" ind1=" " ind2=" ">
<mxc:subfield code="a">20230929a2001    m  y0frey50      ba</mxc:subfield>
</mxc:datafield>
<mxc:datafield tag="101" ind1="0" ind2=" ">
<mxc:subfield code="a">fre</mxc:subfield>
</mxc:datafield>
<mxc:datafield tag="102" ind1=" " ind2=" ">
<mxc:subfield code="a">FR</mxc:subfield>
</mxc:datafield>
<mxc:datafield tag="106" ind1=" " ind2=" ">
<mxc:subfield code="a">s</mxc:subfield>
<mxc:subfield code="a">r</mxc:subfield>
</mxc:datafield>
<mxc:datafield tag="110" ind1=" " ind2=" ">
<mxc:subfield code="a">g||z|||||||</mxc:subfield>
</mxc:datafield>
<mxc:datafield tag="135" ind1=" " ind2=" ">
<mxc:subfield code="a">jrc||||||||||</mxc:subfield>
</mxc:datafield>
<mxc:datafield tag="181" ind1=" " ind2="0">
<mxc:subfield code="6">01</mxc:subfield>
<mxc:subfield code="a">i </mxc:subfield>
<mxc:subfield code="b">xxxe  </mxc:subfield>
<mxc:subfield code="a">h </mxc:subfield>
<mxc:subfield code="b">xxxa  </mxc:subfield>
</mxc:datafield>
<mxc:datafield tag="181" ind1=" " ind2=" ">
<mxc:subfield code="6">02</mxc:subfield>
<mxc:subfield code="c">txt</mxc:subfield>
<mxc:subfield code="c">spw</mxc:subfield>
<mxc:subfield code="2">rdacontent</mxc:subfield>
</mxc:datafield>
<mxc:datafield tag="182" ind1=" " ind2="0">
<mxc:subfield code="6">01</mxc:subfield>
<mxc:subfield code="a">b</mxc:subfield>
</mxc:datafield>
<mxc:datafield tag="182" ind1=" " ind2=" ">
<mxc:subfield code="6">02</mxc:subfield>
<mxc:subfield code="c">c</mxc:subfield>
<mxc:subfield code="2">rdamedia</mxc:subfield>
</mxc:datafield>
<mxc:datafield tag="200" ind1="1" ind2=" ">
<mxc:subfield code="a">Gustave Flaubert</mxc:subfield>
<mxc:subfield code="b">Texte électronique</mxc:subfield>
<mxc:subfield code="f">Centre Flaubert, CÉRÉdI</mxc:subfield>
<mxc:subfield code="g">[édition François Vanoosthuyse]</mxc:subfield>
</mxc:datafield>
<mxc:datafield tag="214" ind1=" " ind2="0">
<mxc:subfield code="a">Mont-Saint-Aignan</mxc:subfield>
<mxc:subfield code="b">1 rue Thomas Becket ; 76821 Cedex</mxc:subfield>
<mxc:subfield code="c">Université de Rouen Normandie</mxc:subfield>
<mxc:subfield code="d">2001-</mxc:subfield>
</mxc:datafield>
<mxc:datafield tag="215" ind1=" " ind2=" ">
<mxc:subfield code="a">1 ressource dématérialisée</mxc:subfield>
</mxc:datafield>
<mxc:datafield tag="230" ind1=" " ind2=" ">
<mxc:subfield code="a">Données textuelles et sonores en ligne</mxc:subfield>
</mxc:datafield>
<mxc:datafield tag="300" ind1=" " ind2=" ">
<mxc:subfield code="a">Site web</mxc:subfield>
</mxc:datafield>
<mxc:datafield tag="303" ind1=" " ind2=" ">
<mxc:subfield code="a">https://web.archive.org/web/*/https://flaubert.univ-rouen.fr/ (20230929)</mxc:subfield>
</mxc:datafield>
<mxc:datafield tag="306" ind1=" " ind2=" ">
<mxc:subfield code="a">Date de 1ère mise en ligne d'après l'éditeur</mxc:subfield>
</mxc:datafield>
<mxc:datafield tag="330" ind1=" " ind2=" ">
<mxc:subfield code="a">Ce site dédié à Flaubert a été fondé en 2001 par Yvan Leclerc, professeur de littérature du XIXe siècle à l'Université de Rouen, qui l'a animé et dirigé pendant vingt ans. Il a pour vocation de permettre la lecture en ligne des œuvres, la consultation des manuscrits et de leur transcription, l'accès à une riche documentation, à des publications scientifiques et à des ressources pédagogiques. Il est également conçu comme un outil pédagogique à la disposition des enseignants et des étudiants. Les contributeurs au site Flaubert constituent une équipe internationale et pluridisciplinaire de chercheurs (fre)</mxc:subfield>
<mxc:subfield code="2">Editeur (20230929)</mxc:subfield>
</mxc:datafield>
<mxc:datafield tag="371" ind1=" " ind2=" ">
<mxc:subfield code="a">libre et intégral</mxc:subfield>
</mxc:datafield>
<mxc:datafield tag="451" ind1=" " ind2="1">
<mxc:subfield code="0">42041771</mxc:subfield>
<mxc:subfield code="t">Revue Flaubert</mxc:subfield>
<mxc:subfield code="x">2104-3345</mxc:subfield>
</mxc:datafield>
<mxc:datafield tag="520" ind1="1" ind2=" ">
<mxc:subfield code="a">Le Site Flaubert</mxc:subfield>
<mxc:subfield code="j">2001-janvier 2008</mxc:subfield>
</mxc:datafield>
<mxc:datafield tag="530" ind1="1" ind2=" ">
<mxc:subfield code="a">Gustave Flaubert</mxc:subfield>
<mxc:subfield code="b">Site web</mxc:subfield>
</mxc:datafield>
<mxc:datafield tag="531" ind1=" " ind2=" ">
<mxc:subfield code="a">Gustave Flaubert</mxc:subfield>
<mxc:subfield code="b">Site web</mxc:subfield>
</mxc:datafield>
<mxc:datafield tag="600" ind1=" " ind2="|">
<mxc:subfield code="3">11902894</mxc:subfield>
<mxc:subfield code="a">Flaubert</mxc:subfield>
<mxc:subfield code="b">Gustave</mxc:subfield>
<mxc:subfield code="f">1821-1880</mxc:subfield>
<mxc:subfield code="2">rameau</mxc:subfield>
</mxc:datafield>
<mxc:datafield tag="600" ind1=" " ind2="|">
<mxc:subfield code="3">11902894</mxc:subfield>
<mxc:subfield code="a">Flaubert</mxc:subfield>
<mxc:subfield code="b">Gustave</mxc:subfield>
<mxc:subfield code="f">1821-1880</mxc:subfield>
<mxc:subfield code="3">11952823</mxc:subfield>
<mxc:subfield code="x">Manuscrits inédits</mxc:subfield>
<mxc:subfield code="2">rameau</mxc:subfield>
</mxc:datafield>
<mxc:datafield tag="676" ind1=" " ind2=" ">
<mxc:subfield code="a">843.7 (critique)</mxc:subfield>
<mxc:subfield code="v">23</mxc:subfield>
</mxc:datafield>
<mxc:datafield tag="676" ind1=" " ind2=" ">
<mxc:subfield code="a">840.900 705</mxc:subfield>
<mxc:subfield code="v">23</mxc:subfield>
</mxc:datafield>
<mxc:datafield tag="686" ind1=" " ind2=" ">
<mxc:subfield code="a">800</mxc:subfield>
<mxc:subfield code="2">Cadre de classement de la Bibliographie nationale française</mxc:subfield>
</mxc:datafield>
<mxc:datafield tag="710" ind1="|" ind2="|">
<mxc:subfield code="3">17104296</mxc:subfield>
<mxc:subfield code="a">Centre Flaubert</mxc:subfield>
<mxc:subfield code="c">Mont-Saint-Aignan, Seine-Maritime</mxc:subfield>
<mxc:subfield code="4">070</mxc:subfield>
</mxc:datafield>
<mxc:datafield tag="801" ind1=" " ind2="0">
<mxc:subfield code="a">FR</mxc:subfield>
<mxc:subfield code="b">FR-751131015</mxc:subfield>
<mxc:subfield code="c">20230929</mxc:subfield>
<mxc:subfield code="g">AFNOR</mxc:subfield>
<mxc:subfield code="h">FRBNF473364220000002</mxc:subfield>
<mxc:subfield code="2">intermrc</mxc:subfield>
</mxc:datafield>
<mxc:datafield tag="802" ind1=" " ind2=" ">
<mxc:subfield code="a">07</mxc:subfield>
</mxc:datafield>
<mxc:datafield tag="856" ind1="4" ind2=" ">
<mxc:subfield code="2">URL</mxc:subfield>
<mxc:subfield code="u">https://flaubert.univ-rouen.fr/</mxc:subfield>
<mxc:subfield code="e">20230929</mxc:subfield>
</mxc:datafield>
<mxc:datafield tag="856" ind1="4" ind2=" ">
<mxc:subfield code="2">URL (capture dans Internet Archive)</mxc:subfield>
<mxc:subfield code="u">https://web.archive.org/web/*/https://flaubert.univ-rouen.fr/</mxc:subfield>
</mxc:datafield>
</mxc:record>      </srw:recordData>
<srw:recordIdentifier>ark:/12148/cb47336422f</srw:recordIdentifier>
<srw:recordPosition>47</srw:recordPosition>
<srw:extraRecordData>
<ixm:attr name="CreationDate">20230929</ixm:attr>
<ixm:attr name="LastModificationDate">20241112</ixm:attr>
<mn:score>11.185611</mn:score>
</srw:extraRecordData>
</srw:record>