
<srw:record>
<srw:recordSchema>marcxchange</srw:recordSchema>
<srw:recordPacking>xml</srw:recordPacking>
<srw:recordData>
<mxc:record xmlns:mxc="info:lc/xmlns/marcxchange-v2" format="UNIMARC" id="ark:/12148/cb386658512" type="Bibliographic">
<mxc:leader>     cam  22     3  450 </mxc:leader>
<mxc:controlfield tag="001">FRBNF386658510000001</mxc:controlfield>
<mxc:controlfield tag="003">http://catalogue.bnf.fr/ark:/12148/cb386658512</mxc:controlfield>
<mxc:datafield tag="039" ind1=" " ind2=" ">
<mxc:subfield code="o">ASP</mxc:subfield>
<mxc:subfield code="a">RF0160084v0006P</mxc:subfield>
</mxc:datafield>
<mxc:datafield tag="100" ind1=" " ind2=" ">
<mxc:subfield code="a">20041210d1927    m  y0frey50      ba</mxc:subfield>
</mxc:datafield>
<mxc:datafield tag="101" ind1="0" ind2=" ">
<mxc:subfield code="a">fre</mxc:subfield>
</mxc:datafield>
<mxc:datafield tag="102" ind1=" " ind2=" ">
<mxc:subfield code="a">FR</mxc:subfield>
</mxc:datafield>
<mxc:datafield tag="105" ind1=" " ind2=" ">
<mxc:subfield code="a">||||z   00|||</mxc:subfield>
</mxc:datafield>
<mxc:datafield tag="106" ind1=" " ind2=" ">
<mxc:subfield code="a">r</mxc:subfield>
</mxc:datafield>
<mxc:datafield tag="181" ind1=" " ind2="0">
<mxc:subfield code="6">01</mxc:subfield>
<mxc:subfield code="a">i </mxc:subfield>
<mxc:subfield code="b">xxxe  </mxc:subfield>
</mxc:datafield>
<mxc:datafield tag="181" ind1=" " ind2=" ">
<mxc:subfield code="6">02</mxc:subfield>
<mxc:subfield code="c">txt</mxc:subfield>
<mxc:subfield code="2">rdacontent</mxc:subfield>
</mxc:datafield>
<mxc:datafield tag="182" ind1=" " ind2="0">
<mxc:subfield code="6">01</mxc:subfield>
<mxc:subfield code="a">n</mxc:subfield>
</mxc:datafield>
<mxc:datafield tag="182" ind1=" " ind2=" ">
<mxc:subfield code="6">02</mxc:subfield>
<mxc:subfield code="c">n</mxc:subfield>
<mxc:subfield code="2">rdamedia</mxc:subfield>
</mxc:datafield>
<mxc:datafield tag="200" ind1="1" ind2=" ">
<mxc:subfield code="a">Gustave Flaubert et ses amis (documents et lettres inédites)</mxc:subfield>
<mxc:subfield code="b">Texte imprimé</mxc:subfield>
<mxc:subfield code="f">Antoine Albalat</mxc:subfield>
</mxc:datafield>
<mxc:datafield tag="210" ind1=" " ind2=" ">
<mxc:subfield code="a">[Paris]</mxc:subfield>
<mxc:subfield code="c">La Revue de Paris</mxc:subfield>
<mxc:subfield code="d">1927</mxc:subfield>
</mxc:datafield>
<mxc:datafield tag="215" ind1=" " ind2=" ">
<mxc:subfield code="a">1 pièce (paginé 626-657)</mxc:subfield>
<mxc:subfield code="d">in-8</mxc:subfield>
</mxc:datafield>
<mxc:datafield tag="300" ind1=" " ind2=" ">
<mxc:subfield code="a">Extr. de la Revue de Paris, 1er août 1927</mxc:subfield>
</mxc:datafield>
<mxc:datafield tag="461" ind1=" " ind2="0">
<mxc:subfield code="0">42494549</mxc:subfield>
<mxc:subfield code="t">[Recueil. Dossiers biographiques Boutillier du Retail. Documentation Gustave Flaubert]</mxc:subfield>
</mxc:datafield>
<mxc:datafield tag="600" ind1=" " ind2="|">
<mxc:subfield code="3">11902894</mxc:subfield>
<mxc:subfield code="a">Flaubert</mxc:subfield>
<mxc:subfield code="b">Gustave</mxc:subfield>
<mxc:subfield code="f">1821-1880</mxc:subfield>
<mxc:subfield code="2">rameau</mxc:subfield>
</mxc:datafield>
<mxc:datafield tag="600" ind1=" " ind2="|">
<mxc:subfield code="3">11902894</mxc:subfield>
<mxc:subfield code="a">Flaubert</mxc:subfield>
<mxc:subfield code="b">Gustave</mxc:subfield>
<mxc:subfield code="f">1821-1880</mxc:subfield>
<mxc:subfield code="3">12065684</mxc:subfield>
<mxc:subfield code="x">Amis et relations</mxc:subfield>
<mxc:subfield code="2">rameau</mxc:subfield>
</mxc:datafield>
<mxc:datafield tag="700" ind1=" " ind2="|">
<mxc:subfield code="3">12449353</mxc:subfield>
<mxc:subfield code="o">ISNI0000000108630726</mxc:subfield>
<mxc:subfield code="a">Albalat</mxc:subfield>
<mxc:subfield code="b">Antoine</mxc:subfield>
<mxc:subfield code="f">1856-1935</mxc:subfield>
<mxc:subfield code="4">070</mxc:subfield>
</mxc:datafield>
<mxc:datafield tag="801" ind1=" " ind2="0">
<mxc:subfield code="a">FR</mxc:subfield>
<mxc:subfield code="b">FR-751131015</mxc:subfield>
<mxc:subfield code="c">20041210</mxc:subfield>
<mxc:subfield code="g">AFNOR</mxc:subfield>
<mxc:subfield code="h">FRBNF386658510000001</mxc:subfield>
<mxc:subfield code="2">intermrc</mxc:subfield>
</mxc:datafield>
<mxc:datafield tag="930" ind1=" " ind2=" ">
<mxc:subfield code="5">FR-751041001:38665851001001</mxc:subfield>
<mxc:subfield code="a">4-RF-42409</mxc:subfield>
<mxc:subfield code="b">759999999</mxc:subfield>
<mxc:subfield code="c">Richelieu - Arts du spectacle - Magasin</mxc:subfield>
<mxc:subfield code="d">N</mxc:subfield>
</mxc:datafield>
<mxc:datafield tag="930" ind1=" " ind2=" ">
<mxc:subfield code="5">FR-759999999:38665851002001</mxc:subfield>
<mxc:subfield code="a">banque DOSS</mxc:subfield>
<mxc:subfield code="b">759999999</mxc:subfield>
<mxc:subfield code="c">Tolbiac - Rez de Jardin - Recherche bibliographique - Salle X - Libre accès</mxc:subfield>
<mxc:subfield code="d">N</mxc:subfield>
</mxc:datafield>
<mxc:datafield tag="955" ind1=" " ind2=" ">
<mxc:subfield code="5">FR-759999999:38665851002001</mxc:subfield>
<mxc:subfield code="r">FOL-LN1-232 (9078)</mxc:subfield>
</mxc:datafield>
</mxc:record>      </srw:recordData>
<srw:recordIdentifier>ark:/12148/cb386658512</srw:recordIdentifier>
<srw:recordPosition>48</srw:recordPosition>
<srw:extraRecordData>
<ixm:attr name="CreationDate">20041209</ixm:attr>
<ixm:attr name="LastModificationDate">20110830</ixm:attr>
<mn:score>11.181656</mn:score>
</srw:extraRecordData>
</srw:record>